@MANUAL{chinneck:1999,
  TITLE =        {How to Organize your Thesis},
  author =       {J. W. Chinneck},
  organization = {Dept. of Systems and Computer Engineering, Carleton University Ottawa},
  address =      {Canada},
  month =        {September},
  year =         {1999},
  note =         {Available at \url{http://www.sce.carleton.ca/faculty/chinneck/thesis.html}}
}

@mastersthesis{ weirich:2005,
  author =      "B. Weirich",
  title =       "Wireless Real-Time Communication",
  address =     "Treitlstr. 3/3/182-1, 1040 Vienna, Austria",
  school =      "Technische Universit{\"a}t Wien, Institut f{\"u}r Technische Informatik",
  type =        "Bachelor's Thesis",
  year =        "2005"
}

@mastersthesis{ kraut:2003,
  author =      "H. Kraut",
  title =       "{Signalverarbeitung mittels eines Neuronalen Netzwerkes f{\"u}r einen Smart Sensor}",
  address =     "Treitlstr. 3/3/182-1, 1040 Vienna, Austria",
  type =        "Bachelor's Thesis",
  school =      "Technische Universit{\"a}t Wien, Institut f{\"u}r Technische Informatik",
  year =        "2003"
}

@INPROCEEDINGS{elmenreich:2005,
  AUTHOR =       {W. Elmenreich and S. Pitzek},
  TITLE =        {Smart Transducers -- Principles, Communications, and Configuration},
  BOOKTITLE =    {Intelligent Systems at the Service of Mankind},
  YEAR =         {2005},
  editor =       {W. Elmenreich, J. A. T. Machado, and I. J. Rudas},
  volume =       {II},
  pages =        {175-186},
  month =        dec,
  publisher =    {Ubooks},
}

@Manual{patashnik:1988,
  TITLE         = "BibTeXing",
  author        = "O. Patashnik",
  year          = 1988,
}

@Manual{reichert:1999,
  TITLE         = "Satz von Tabellen",
  author        = "A. Reichert",
  year          = 1999,
}

@PhDThesis{   elmenreich:2002,
  author    = "W. Elmenreich",
  title     = "Sensor Fusion in Time-Triggered Systems",
  address   = "Vienna, Austria",
  school    = "Technische Universit{\"a}t Wien, Institut f{\"u}r
          Technische Informatik",
  year      = "2002"
}
